<?xml version="1.0" encoding="UTF-8"?><record xmlns="http://www.loc.gov/MARC21/slim" xmlns:cinclude="http://apache.org/cocoon/include/1.0" xmlns:zs="http://www.loc.gov/zing/srw/">
  <leader>00751cz  a2200157n  4500</leader>
  <controlfield tag="001">n  89107739 </controlfield>
  <controlfield tag="003">DLC</controlfield>
  <controlfield tag="005">19990512052746.0</controlfield>
  <controlfield tag="008">900301n| acannaab|          |n aaa ||| b</controlfield>
  <datafield tag="010" ind1=" " ind2=" ">
    <subfield code="a">n  89107739 </subfield>
  </datafield>
  <datafield tag="035" ind1=" " ind2=" ">
    <subfield code="a">(OCoLC)oca02695125 </subfield>
  </datafield>
  <datafield tag="040" ind1=" " ind2=" ">
    <subfield code="a">DNLM</subfield>
    <subfield code="c">DLC</subfield>
    <subfield code="d">DLC</subfield>
    <subfield code="d">NmU</subfield>
  </datafield>
  <datafield tag="100" ind1="1" ind2="0">
    <subfield code="a">Logan, Robert J.</subfield>
  </datafield>
  <datafield tag="670" ind1=" " ind2=" ">
    <subfield code="a">His The three dimensions of stuttering, c1990:</subfield>
    <subfield code="b">CIP t.p. (Robert J. Logan, Ph.D., CCC-SLP/A; Dept. of Speech Pathology, Univ. of Central Kansas)</subfield>
  </datafield>
  <datafield tag="670" ind1=" " ind2=" ">
    <subfield code="a">The three dimensions of stuttering, c1999:</subfield>
    <subfield code="b">t.p. (Robert Logan; Univ. of Central Arkansas, Conway, Ark.)</subfield>
  </datafield>
  <datafield tag="670" ind1=" " ind2=" ">
    <subfield code="a">OCLC #22838125, 5/11/99</subfield>
    <subfield code="b">(hdg.:  Logan, Robert Joseph; usage: Robert Joseph Logan; author's Ph. D. thesis, State Univ. of New York at Binghamton, Psychology Dept., 1990)</subfield>
  </datafield>
</record>